% This file was created with Citavi 6.8.0.0


@book{aal16,
	author = {Aalst, {Wil M. P. van der}},
	title = {Process Mining: Data Science in Action},
	edition = {2.~Aufl.},
	publisher = {Springer},
	address= {Berlin, Heidelberg},
	year = {2016},
	isbn      = {978-3-662-49851-4},
	doi       = {10.1007/978-3-662-49851-4}
}


@article{aal98,
	author    = {Aalst, {Wil M. P. van der}},
	title     = {The Application of Petri Nets to Workflow Management},
	journal   = {Journal of Circuits, Systems, and Computers},
	volume    = {8},
	number    = {1},
	pages     = {21--66},
	year      = {1998},
	doi       = {10.1142/S0218126698000043}	
}


@incollection{alh02,
 author = {Alhir, Sinan Si},
 title = {Unified Process (UP)},
 pages = {1804--1806},
 volume = {2},
 publisher = {Wiley},
 isbn = {0-471-21007-2},
 editor = {Marciniak, John J.},
 booktitle = {Encyclopedia of Software Engineering},
 year = {2002},
 address = {New York},
 doi = {10.1002/0471028959.sof366}	
}

@book{alt12,
	author = {Alt, Oliver},
	year = {2012},
	title = {Modellbasierte Systementwicklung mit SysML},
	address = {M{\"u}nchen},
	publisher = {{Hanser}}
}


@book{amb02,
 author = {Ambler, Scott W.},
 year = {2002},
 title = {Agile Modeling: Effective Practices for eXtreme Programming and the Unified Process},
 address = {New York},
 publisher = {Wiley},
 isbn = {9780471202820}
}


@book{amb04,
 author = {Ambler, Scott W.},
 year = {2004},
 title = {The Object Primer: Agile Model-Driven Development with UML 2.0},
 address = {Cambridge},
 edition = {3.~Aufl.},
 publisher = {{Cambridge University Press}},
 isbn = {9780521540186}
}


@incollection{amb11,
 author = {Ambler, Scott W.},
 title = {Agile Software Development},
 pages = {29--46},
 volume = {1},
 publisher = {{CRC Press}},
 isbn = {978-1-4200-5977-9},
 editor = {Laplante, Phillip A.},
 booktitle = {Encyclopedia of Software Engineering},
 year = {2011},
 address = {Boca Raton}
}


@book{bal05,
 author = {Balzert, Heide},
 year = {2005},
 title = {Lehrbuch der Objektmodellierung: Analyse und Entwurf mit der UML 2},
 address = {Heidelberg},
 edition = {2.~Aufl.},
 publisher = {Spektrum},
 isbn = {9783827411624}
}


@book{bal08,
 author = {Balzert, Helmut},
 year = {2008},
 title = {Lehrbuch der Softwaretechnik: Band 3 Softwaremanagement},
 address = {Heidelberg},
 edition = {2.~Aufl.},
 publisher = {Spektrum}
}


@book{bal09,
 author = {Balzert, Helmut},
 year = {2009},
 title = {Lehrbuch der Softwaretechnik: Band 1 Basiskonzepte und Requirements Engineering},
 address = {Heidelberg},
 edition = {3.~Aufl.},
 publisher = {Spektrum}
}


@book{bal11,
 author = {Balzert, Helmut},
 year = {2011},
 title = {Lehrbuch der Softwaretechnik: Band 2 Entwurf, Implementierung, Installation und Betrieb},
 address = {Heidelberg},
 edition = {3.~Aufl.},
 publisher = {Spektrum},
 isbn = {9783827417060}
}


%%% Achtung: \linebreak fuer Druck
@book{bec03,
 author = {Beck, Kent},
 year = {2003},
 title = {Extreme Programming. Das Manifest: Die revolution{\"a}re \linebreak Methode f{\"u}r Softwareentwicklung in kleinen Teams},
 address = {M{\"u}nchen},
 publisher = {Addison-Wesley}
}


@article{ben56,
 author = {Benington, Herbert D.},
 year = {1983},
 title = {Production of Large Computer Programs},
 titleaddon = {Vortrag auf dem Symposium on advanced programming methods for digital computers sponsored by the Navy Mathematical Computing Advisory Panel and the Office of Naval Research, Juni 1956. Reprint},
 pages = {350--361},
 volume = {5},
 number = {4},
 journal = {IEEE Annals of the History of Computing},
 doi = {10.1109/MAHC.1983.10102}
}


@book{ber18,
 author = {Bergsmann, Johannes and Unterauer, Markus},
 year = {2018},
 title = {Requirements Engineering f{\"u}r die agile Softwareentwicklung: Methoden, Techniken und Strategien},
 address = {Heidelberg},
 edition = {2.~Aufl.},
 publisher = {dpunkt},
 isbn = {9783864904851}
}

%%% Achtung: \linebreak fuer Druck
@book{boe04,
 author = {Boehm, Barry and Turner, Richard},
 year = {2004},
 title = {Balancing Agility and Discipline: \linebreak A Guide for the Perplexed},
 address = {Boston},
 publisher = {Addison-Wesley}
}


@book{boe81,
 author = {Boehm, Barry W.},
 year = {1981},
 title = {Software Engineering Economics},
 address = {Englewood Cliffs},
 publisher = {Prentice-Hall}
}


@article{boe86,
 author = {Boehm, Barry W.},
 year = {1986},
 title = {A Spiral Model of Software Development and En\-hance\-ment},
 pages = {14--24},
 volume = {11},
 number = {4},
 journal = {ACM SIGSOFT Software Engineering Notes},
 doi = {10.1145/12944.12948}
}


@article{boe88,
 author = {Boehm, Barry W.},
 year = {1988},
 title = {A Spiral Model of Software Development and En\-hance\-ment},
 pages = {61--72},
 volume = {21},
 number = {5},
 journal = {IEEE Computer},
 doi = {10.1109/2.59}
}


@article{boo18,
 author = {Booch, Grady},
 year = {2018},
 title = {The History of Software Engineering},
 pages = {108--114},
 volume = {35},
 number = {5},
 journal = {IEEE Software},
 doi = {10.1109/MS.2018.3571234}
}


@book{boo94,
 author = {Booch, Grady},
 year = {1994},
 title = {Object-Oriented Analysis and Design with Applications},
 address = {Reading},
 edition = {2.~Aufl.},
 publisher = {Addison-Wesley}
}


@book{bro21,
	author = {Broy, Manfred and Kuhrmann, Marco},
	year = {2021},
	title = {Einf√ºhrung in die Softwaretechnik},
	address = {Berlin},
	publisher = {Springer}
}


@book{bru06,
 author = {Br{\"u}gge, Bernd and Dutoit, Allen H.},
 year = {2006},
 title = {Objektorientierte Softwaretechnik mit UML, Entwurfsmustern und Java},
 address = {M{\"u}nchen},
 edition = {Baf{\"o}g-Ausg., [Reprint der Ausg. 2004]},
 publisher = {{Pearson Studium}},
 isbn = {9783827372611}
}


@misc{bux70,
 date = {1970},
 title = {Software Engineering Tech\-niques: Report on a Conference Sponsored by the NATO Science Committee, Rome, Italy, 27th to 31st October 1969},
 address = {Br{\"u}ssel},
 editor = {Buxton, John N. and Randell, Brian},
 institution = {{Scientific Affairs Division, NATO}}
}


@book{coc03,
 author = {Cockburn, Alistair},
 year = {2003},
 title = {Agile Software-Entwicklung},
 address = {Bonn},
 publisher = {mitp-Verlag}
}


@article{del14,
 author = {{del {\'A}guila}, Isabel M. and Palma, Jos{\'e} and T{\'u}nez, Samuel},
 year = {2014},
 title = {Milestones in Software Engineering and Knowledge Engineering History: A Comparative Review},
 pages = {Article ID 692510},
 journal = {The Scientific World Journal},
 doi = {10.1155/2014/692510}
}

@incollection{des01,
	author = {Desel, J{\"o}rg and Juh{\'a}s, Gabriel},
	title = {What Is a Petri Net? Informal Answers for the Informed Reader},
	pages = {1--25},
	publisher = {{Springer}},
	editor = {Ehrig, Hartmut and Padberg, J. and Juh{\'a}s, G. and Rozenberg, G.},
	booktitle = {Unifying Petri Nets},
	year = {2001},
	address = {Berlin},
	doi = {https://doi.org/10.1007/3-540-45541-8_1}
}


@incollection{dia14,
 author = {D{\'i}az-Herrera, Jorge and Freeman, Peter A.},
 title = {Discipline of Software Engineering: An Overview},
 pages = {72-1--72-20},
 publisher = {{CRC Press}},
 isbn = {978-1-4398-9852-9},
 editor = {Gonzalez, Teofilo and D{\'i}az-Herrera, Jorge and Tucker, Allen},
 booktitle = {Computing Handbook: Computer Science and Software Engineering},
 edition = {3.~Aufl.},
 year = {2014},
 address = {Boca Raton}
}


@article{dij71,
	author  = {Dijkstra, Edsger W.},
	title   = {Hierarchical ordering of sequential processes},
	journal = {Acta Informatica},
	volume  = {1},
	number  = {2},
	pages   = {115--138},
	year    = {1971},
	doi = {10.1007/BF00289519}
}


@article{dij72,
 author = {Dijkstra, Edsger W.},
 year = {1972},
 title = {The Humble Programmer},
 pages = {859--866},
 volume = {15},
 number = {10},
 journal = {Communications of the ACM},
 doi = {10.1145/355604.361591}
}


@book{dum03,
 author = {Dumke, Reiner R.},
 year = {2003},
 title = {Software Engineering: Eine Einf{\"u}hrung f{\"u}r Informatiker und Ingenieure; Systeme, Erfahrungen, Methoden, Tools},
 address = {Wiesbaden},
 edition = {4.~Aufl.},
 publisher = {Vieweg},
 isbn = {3-528-35355-4}
}


@book{ebe22,
 author = {Ebert, Christof},
 year = {2022},
 title = {Systematisches Requirements Engineering: Anforderungen ermitteln, dokumentieren, analysieren und verwalten},
 address = {Heidelberg},
 edition = {7.~Aufl.},
 publisher = {dpunkt}
}


@incollection{end97,
 author = {Endres, Albert},
 title = {A Synopsis of Software Engineering History: The Industrial Perspective},
 pages = {20--24},
 publisher = {{Gesch{\"a}ftsstelle Schloss Dagstuhl}},
 editor = {Brennecke, Andreas and Keil-Slawik, Reinhard},
 booktitle = {History of Software Engineering},
 year = {1997},
 address = {Saarbr{\"u}cken}
}


@incollection{fav14,
 author = {Favaro, John M.},
 title = {Agile},
 pages = {84-1--84-28},
 publisher = {{CRC Press}},
 isbn = {978-1-4398-9852-9},
 editor = {Gonzalez, Teofilo F. and D{\'i}az-Herrera, Jorge and Tucker, Allen},
 booktitle = {Computing Handbook: Computer Science and Software Engineering},
 edition = {3.~Aufl.},
 year = {2014},
 address = {Boca Raton}
}


@Inbook{flo93,
	author="Floyd, Robert W.",
	editor="Colburn, Timothy R.
	and Fetzer, James H.
	and Rankin, Terry L.",
	title="Assigning Meanings to Programs",
	bookTitle="Program Verification: Fundamental Issues in Computer Science",
	year="1993",
	publisher="Springer Netherlands",
	address="Dordrecht",
	pages="65--81",
	abstract="This paper attempts to provide an adequate basis for formal definitions of the meanings of programs in appropriately defined programming languages, in such a way that a rigorous standard is established for proofs about computer programs, including proofs of correctness, equivalence, and termination. The basis of our approach is the notion of an interpretation of a program: that is, an association of a proposition with each connection in the flow of control through a program, where the proposition is asserted to hold whenever that connection is taken. To prevent an interpretation from being chosen arbitrarily, a condition is imposed on each command of the program. This condition guarantees that whenever a command is reached by way of a connection whose associated proposition is then true, it will be left (if at all) by a connection whose associated proposition will be true at that time. Then by induction on the number of commands executed, one sees that if a program is entered by a connection whose associated proposition is then true, it will be left (if at all) by a connection whose associated proposition will be true at that time. By this means, we may prove certain properties of programs, particularly properties of the form: `If the initial values of the program variables satisfy the relation Rl, the final values on completion will satisfy the relation R2'.",
	isbn="978-94-011-1793-7",
	doi="10.1007/978-94-011-1793-7_4"	
}


@book{gam11,
	author = {Gamma, Erich and Helm, Richard and Johnson, Ralph and Vlissides, John},
	year = {2011},
	title = {Entwurfsmuster. Elemente wiederverwendbarer objekt\-orientierter Software.},
	address = {M{\"u}nchen},
	edition = {6.~Aufl.},
	publisher = {Addison-Wesley}
}


@book{gam95,
	author = {Gamma, Erich and Helm, Richard and Johnson, Ralph and Vlissides, John},
	year = {1995},
	title = {Design Patterns. Elements of Reusable Object-Oriented Software.},
	address = {Reading, Mass.},
	publisher = {Addison-Wesley}
}


@misc{gli05,
	title = {Software Engineering,  Kapitel 9, Qualit{\"a}tsmanagement, Vorlesungsskript, WS 2005/2006},
	url = {https://files.ifi.uzh.ch/rerg/amadeus/teaching/courses/software_engineering_hs10/skript/Kapitel_09.pdf},
	author = {Martin Glinz}
}


@book{gol83,
 author = {Goldberg, Adele and Robson, David},
 year = {1983},
 title = {Smalltalk-80: The Language and its Implementation},
 address = {Reading},
 publisher = {Addison-Wesley},
 isbn = {0201113716}
}


@book{gon14,
 year = {2014},
 title = {Computing Handbook: Computer Science and Software Engineering},
 address = {Boca Raton},
 edition = {3.~Aufl.},
 publisher = {{CRC Press}},
 isbn = {978-1-4398-9852-9},
 editor = {Gonzalez, Teofilo F. and D{\'i}az-Herrera, Jorge and Tucker, Allen}
}


@incollection{gri11,
 author = {Grier, David Alan},
 title = {Software Engineering: History},
 pages = {1119--1126},
 volume = {2},
 publisher = {{CRC Press}},
 isbn = {978-1-4200-5977-9},
 editor = {Laplante, Phillip A.},
 booktitle = {Encyclopedia of Software Engineering},
 year = {2011},
 address = {Boca Raton}
}


@incollection{gut15,
 author = {Guthrie, Ruth},
 title = {Scrum Software Development Methodology},
 pages = {7310--7318},
 volume = {10},
 publisher = {{Information Science Reference}},
 isbn = {9781466658912},
 editor = {Khosrow-Pour, Mehdi},
 booktitle = {Encyclopedia of Information Science and Technology},
 year = {2015},
 address = {Hershey, Pa.}
}


@article{har87,
	author    = {David Harel},
	title     = {Statecharts: A Visual Formalism for Complex Systems},
	journal   = {Science of Computer Programming},
	volume    = {8},
	number    = {3},
	pages     = {231--274},
	year      = {1987}
}


@article{hoa69,
	author = {Hoare, C. A. R.},
	title = {An Axiomatic Basis for Computer Programming},
	year = {1969},
	publisher = {Association for Computing Machinery},
	address = {New York, NY, USA},
	volume = {12},
	number = {10},
	issn = {0001-0782},
	doi = {10.1145/363235.363259},
	abstract = {In this paper an attempt is made to explore the logical foundations of computer programming by use of techniques which were first applied in the study of geometry and have later been extended to other branches of mathematics. This involves the elucidation of sets of axioms and rules of inference which can be used in proofs of the properties of computer programs. Examples are given of such axioms and rules, and a formal proof of a simple theorem is displayed. Finally, it is argued that important advantage, both theoretical and practical, may follow from a pursuance of these topics.},
	journal = {Commun. ACM},
	month = {10},
	pages = {576‚Äì580},
	numpages = {5},
	keywords = {formal language definition, machine-independent programming, program documentation, axiomatic method, theory of programming' proofs of programs, programming language design}
}


@article{hun11,
 author = {{Hunt et al.}, Andy},
 year = {2011},
 title = {Agile @ 10: Ten Authors of The Agile Manifesto Celebrate its Tenth Anniversary},
 pages = {10--20},
 number = {2},
 journal = {The Pragmatic Bookshelf}
}


@book{hut04,
	author = {Huth, Michael and Ryan, Mark},
	year = {2004},
	title = {Logic in Computer Science: Modelling and Reasoning about Systems},
	volume = {2},
	publisher = {Cambridge University Press},
}


@misc{ire23,
	author = {International Requirements Engineering Board},
	date = {2023},
	title = {The CPRE Glossary},
	url = {https://www.ireb.org/en/cpre/glossary/}
}


@misc{iso11,
 year = {2011},
 title = {Systems and software engineering --- Systems and software Quality Requirements and Evaluation (SQuaRE) --- System and software quality models},
 url = {https://www.iso.org/standard/35733.html},
 volume = {35.080},
 number = {ISO/IEC 25010:2011},
 publisher = {ISO/IEC},
 author = {ISO/IEC}
}


@book{jac92,
 author = {Jacobson, Ivar and Christerson, Magnus and Jonsson, Patrik and {\"O}vergaard, Gunnar},
 year = {1992},
 title = {Object-Oriented Software Engineering: A Use Case Driven Approach},
 address = {Wokingham},
 publisher = {Addison-Wesley},
 isbn = {0201544350}
}


@book{jac99,
 author = {Jacobson, Ivar and Booch, Grady and Rumbaugh, James},
 year = {1999},
 title = {The Unified Software Development Process},
 address = {Reading},
 publisher = {Addison-Wesley}
}


@book{jen09,
	author={Jensen, Kurt and Kristensen, Lars M.},
	title={Coloured Petri Nets: Modelling and Validation of Concurrent Systems},
	year={2009},
	address = {Berlin, Heidelberg},
	publisher={Springer},
	doi={10.1007/b95112}
}


@book{kec18,
	author = {Kecher, Christoph and Salvanos, Alexander and Hoffmann-Elbern, Ralf},
	year = {2018},
	title = {UML 2.5: Das umfassende Handbuch},
	address = {Bonn},
	edition = {6.~Aufl.},
	publisher = {Rheinwerk},
	isbn = {9783836260183}
}


@book{kel92,
	author    = {Keller, Gerhard and N{\"u}ttgens, Markus and Scheer, August-Wilhelm},
	title     = {Semantische Proze√ümodellierung auf der Grundlage ‚ÄûEreignisgesteuerter Proze√üketten (EPK)‚Äú},
	year      = {1992},
	series    = {Ver{\"o}ffentlichungen des Instituts f{\"u}r Wirtschaftsinformatik, Heft 89},
	location  = {Saarbr{\"u}cken},
	publisher = {Institut f{\"u}r Wirtschaftsinformatik},
}


@article{kne17,
 author = {Kneuper, Ralf},
 year = {2017},
 title = {Sixty Years of Software Development Life Cycle Models},
 pages = {41--54},
 volume = {39},
 number = {3},
 journal = {IEEE Annals of the History of Computing}
}


@misc{kom17,
 author = {Komus, Ayelt and Kuberg, Moritz},
 date = {2017},
 title = {Status Quo Agile 2016/2017: 3. Studie {\"u}ber Erfolg und Anwendungsformen von agilen Methoden. Abschlussbericht},
 url = {https://www.gpm-ipma.de/wissen/studien/status-quo-agile},
 editor = {{Hochschule Koblenz BPM-Labor}}
}


@misc{kom20,
 author = {Komus, Ayelt and Kuberg, Moritz},
 date = {2020},
 title = {Status Quo (Scaled) Agile 2019/20: 4. Internationale Studie zu Nutzen und Erfolgsfaktoren (skalierter) agiler Ans{\"a}tze. Abschlussbericht},
 url = {https://www.gpm-ipma.de/wissen/studien/status-quo-agile},
 editor = {{Hochschule Koblenz BPM-Labor}}
}


@book{kru99,
 author = {Kruchten, Phillippe},
 year = {1999},
 title = {Der Rational Unified Process: Eine Einf{\"u}hrung},
 address = {M{\"u}nchen},
 publisher = {Addison-Wesley}
}


@misc{kuh18,
 author = {{Kuhrmann et al.}, Marco},
 date = {2018-11-28},
 title = {HELENA Stage 2 Results},
 doi = {10.13140/RG.2.2.14807.52649}
}


@article{kuh19,
 author = {{Kuhrmann et al.}, Marco},
 year = {2019},
 title = {Hybrid Software Development Approaches in Practice: A European Perspective},
 pages = {20--31},
 volume = {36},
 number = {4},
 issn = {0740-7459},
 journal = {IEEE Software},
 doi = {10.1109/MS.2018.110161245}
}


@book{lah18,
 author = {Lahres, Bernhard and Ra{\'y}man, Gregor and Strich, Stefan},
 year = {2018},
 title = {Objektorientierte Programmierung},
 address = {Bonn},
 edition = {4.~Aufl.},
 publisher = {Rheinwerk},
 isbn = {9783836262477},
}


@book{lap11,
 year = {2011},
 title = {Encyclopedia of Software Engineering},
 address = {Boca Raton},
 publisher = {{CRC Press}},
 isbn = {978-1-4200-5977-9},
 editor = {Laplante, Phillip A.}
}


@book{lap17,
 author = {Laplante, Phillip A.},
 year = {2017},
 title = {Requirements Engineering for Software and Systems},
 address = {Boca Raton},
 edition = {3.~Aufl.},
 publisher = {{CRC Press}},
}


@book{lef11,
 author = {Leffingwell, Dean},
 year = {2011},
 title = {Agile Software Requirements: Lean Requirements Practices for Teams, Programs, and the Enterprise},
 address = {Upper Saddle River, NJ},
 publisher = {Addison-Wesley},
 isbn = {9780321635846},
}


@Inbook{lig09,
	author="Liggesmeyer, Peter",
	title="Einf{\"u}hrung",
	bookTitle="Software-Qualit{\"a}t: Testen, Analysieren und Verifizieren von Software",
	year="2009",
	publisher="Spektrum",
	address="Heidelberg",
	pages="1--48",
	abstract="Jedes Unternehmen, das Software entwickelt, bem{\"u}ht sich, die beste Qualit{\"a}t auszuliefern. Man kann ein Ziel aber nur dann nachweisbar erreichen, wenn es pr{\"a}zise definiert ist, und das gilt f{\"u}r den Begriff ‚Äûbeste Qualit{\"a}t`` nicht. Software-Qualit{\"a}t ist facettenreich. Viele Eigenschaften einer Software ergeben gemeinsam die Software-Qualit{\"a}t. Nicht alle diese Eigenschaften sind gleicherma{\ss}en f{\"u}r den Benutzer und den Hersteller einer Software wichtig. Einige Eigenschaften sind f{\"u}r ein bestimmtes Software-Produkt besonders wichtig, andere f{\"u}r das gleiche Produkt vollst{\"a}ndig irrelevant. Manche Eigenschaften stehen miteinander in negativer Wechselwirkung. Die Aussage, man wolle die beste Software-Qualit{\"a}t realisieren, zeigt, dass dieser Sachverhalt nicht verstanden ist. Das Ziel ist nicht die Entwicklung einer Software mit der besten, sondern mit der richtigen Qualit{\"a}t. Dies erfordert eine Festlegung der gew{\"u}nschten Qualit{\"a}t durch eine so genannte Qualit{\"a}tszielbestimmung. Anschlie{\ss}end k{\"o}nnen Ma{\ss}nahmen zur Erreichung der Qualit{\"a}t beschlossen werden. In der Regel wird eine Kombination von konstruktiv vorausschauenden sowie analytisch pr{\"u}fenden Techniken und organisatorischen Mitteln erforderlich sein. Es ist wichtig, dabei {\"o}konomisch vorzugehen, d. h. insbesondere Zeit- und Kostenaspekte nicht zu vergessen. Dies und die Vielfalt der unterschiedlichen Software-Produkte, die eine entsprechende Vielfalt der Qualit{\"a}tsanforderungen verursacht, bewirken, dass es keine universell geeignete L{\"o}sung gibt. In diesem Kapitel wird eine klassifizierende {\"U}bersicht der Vielzahl organisatorischer bzw. technischer Alternativen f{\"u}r das Software-Qualit{\"a}tsmanagement und die Software-Qualit{\"a}tssicherung gegeben.",
	isbn="978-3-8274-2203-3",
	doi="10.1007/978-3-8274-2203-3_1"
}


@book{lud23,
	author = {Ludewig, Jochen and Lichter, Horst},
	year = {2023},
	title = {Software Engineering: Grundlagen, Menschen, Prozesse, Techniken},
	address = {Heidelberg},
	edition = {4.~Aufl.},
	publisher = {dpunkt}
}


@article{mah04,
 author = {Mahoney, Michael S.},
 year = {2004},
 title = {Finding a History for Software Engineering},
 pages = {8--19},
 volume = {26},
 number = {1},
 journal = {IEEE Annals of the History of Computing},
 doi = {10.1109/MAHC.2004.1278847},
 file = {https://doi.org/10.1109/MAHC.2004.1278847}
}


@book{mey14,
 author = {Meyer, Betrand},
 year = {2014},
 title = {Agile! The Good, the Hype and the Ugly},
 address = {Basel},
 publisher = {Springer}
}


@book{mus21,
	author = {Musch, Olaf},
	year = {2021},
	title = {Design Patterns mit Java. Eine Einf√ºhrung.},
	address = {Wiesbaden},
	publisher = {Springer},
	isbn = {9783658354916}
}


@misc{nau69,
 date = {1969},
 title = {Software Engineering: Report on a conference sponsored by the Nato Science Committee, Garmisch, Germany, 7th to 11th October 1968},
 address = {Br{\"u}ssel},
 editor = {Naur, Peter and Randell, Brian},
 institution = {{Scientific Affairs Division, NATO}}
}


@book{oes13,
 author = {Oestereich, Bernd and Scheithauer, Axel and Bremer, Stefan},
 year = {2013},
 title = {Analyse und Design mit der UML 2.5: Objektorientierte Softwareentwicklung},
 address = {M{\"u}nchen},
 edition = {11.~Aufl.},
 publisher = {Oldenbourg},
 isbn = {9783486721409}
}


@book{ope18,
 author = {{Opelt et al.}, Andreas},
 year = {2018},
 title = {Der agile Festpreis: Leitfaden f{\"u}r wirklich erfolgreiche IT-Projekt-Vertr{\"a}ge},
 address = {M{\"u}nchen},
 edition = {3.~Aufl.},
 publisher = {Hanser}
}


@book{ous21,
	author = {Ousterhout, John},
	year = {2021},
	title = {Prinzipien des Softwaredesigns. Entwurfsstrategien f√ºr komplexe Systeme},
	address = {Heidelberg},
	publisher = {dpunkt}
}


@book{poh15,
 author = {Pohl, Klaus and Rupp, Chris},
 year = {2015},
 title = {Basiswissen Requirements Engineering: Aus- und Weiterbildung zum Certified Professional for Requirements Engineering: Foundation Level nach IREB-Standard},
 address = {Heidelberg},
 edition = {4.~Aufl.},
 publisher = {dpunkt},
 isbn = {9783864902833}
}


@book{rei10,
	author = {Reisig, Wolfgang},
	year = {2010},
	title = {Petrinetze: Modellierungstechnik, Analysemethoden, Fallstudien},
	address = {Wiesbaden},
	publisher = {Springer}
}


@book{rob13,
 author = {Robertson, Suzanne and Robertson, James},
 year = {2013},
 title = {Mastering the Requirements Process: Getting Requirements Right},
 address = {Upper Saddle River, NJ},
 edition = {3.~Aufl.},
 publisher = {Addison-Wesley},
 isbn = {9780321815743},
}


@Inbook{ros12,
	author="Rosemann, Michael
	and Schwegmann, Ansgar
	and Delfmann, Patrick",
	editor="Becker, J{\"o}rg
	and Kugeler, Martin
	and Rosemann, Michael",
	title="Vorbereitung der Prozessmodellierung",
	bookTitle="Prozessmanagement: Ein Leit\-faden zur prozessorientierten Organisationsgestaltung",
	year="2012",
	publisher="Springer",
	address="Berlin, Heidelberg",
	pages="47--111",
	abstract="Die Notwendigkeit, sich mit Gesch{\"a}ftsprozessen auseinander zu setzen und diese hierzu transparent zu beschreiben, hat dazu gef{\"u}hrt, dass mittlerweile in vielen Unternehmen f{\"u}reine Vielzahl an Verwendungszwecken,mit diversen Modellierungstechniken und Modellierungstools,f{\"u}r eine Vielzahl von Modellnutzern,eine Vielzahl an Modellen erstellt wird.",
	isbn="978-3-642-33844-1",
	doi="10.1007/978-3-642-33844-1_3"
}


@article{roy70,
 author = {Royce, Winston W.},
 year = {1970},
 title = {Managing the Development of Large Software Systems: Proceedings IEEE Wescon, August 1970},
 pages = {328--338},
 journal = {IEEE Wescon}
}


@book{rum91,
 author = {Rumbaugh, James and Blaha, Michael and Premerlani, William and Eddy, Frederick and Lorensen, William},
 year = {1991},
 title = {Object-Oriented Modeling and Design},
 address = {Englewood Cliffs},
 publisher = {Prentice-Hall},
 isbn = {0136298419}
}


@book{rup14,
 author = {Rupp, Chris},
 year = {2014},
 title = {Requirements-Engineering und -Management: Aus der Praxis von klassisch bis agil},
 address = {M{\"u}nchen},
 edition = {6.~Aufl.},
 publisher = {Hanser}
}


@book{sch10,
 author = {Sch{\"a}fer, Werner},
 year = {2010},
 title = {Softwareentwicklung: Einstieg f{\"u}r Anspruchsvolle},
 address = {M{\"u}nchen},
 publisher = {{Pearson Studium}},
 isbn = {9783827328519},
 series = {Master class}
}


@misc{sch20,
 author = {Schwaber, Ken and Sutherland, Jeff},
 date = {2020},
 title = {Der Scrum Guide: Der g{\"u}ltige Leit\-faden f{\"u}r Scrum: Die Spielregeln},
 url = {https://www.scrumguides.org},
 edition = {Deutsche Ausgabe}
}


@incollection{sei14,
 author = {Seidman, Stephan B.},
 title = {Professionalism and Certification},
 pages = {73-1--73-10},
 publisher = {{CRC Press}},
 isbn = {978-1-4398-9852-9},
 editor = {Gonzalez, Teofilo F. and D{\'i}az-Herrera, Jorge and \mbox{Tucker}, Allen},
 booktitle = {Computing Handbook: Computer Science and Software Engineering},
 edition = {3.~Aufl.},
 year = {2014},
 address = {Boca Raton}
}


@incollection{sha11,
 author = {Shafer, Linda},
 title = {Process},
 pages = {684--703},
 volume = {2},
 publisher = {{CRC Press}},
 isbn = {978-1-4200-5977-9},
 editor = {Laplante, Phillip A.},
 booktitle = {Encyclopedia of Software Engineering},
 year = {2011},
 address = {Boca Raton}
}


@book{shu08,
 author = {Shuja, Ahmad K. and Krebs, Jochen},
 year = {2008},
 title = {IBM Rational Unified Process: Reference and Certification Guide},
 address = {Upper Saddle River},
 publisher = {{IBM Press}}
}


@book{som18,
 author = {Sommerville, Ian},
 year = {2018},
 title = {Software Engineering},
 address = {Hallbergmoos},
 edition = {10.~Aufl.},
 publisher = {Pearson}
}


@book{som20,
 author = {Sommerville, Ian},
 year = {2020},
 title = {Modernes Software-Engineering: Entwurf und Entwicklung von Softwareprodukten},
 address = {Hallbergmoos},
 publisher = {Pearson},
 isbn = {9783868943962}
}


@book{spi19,
	author = {Spillner, Andreas and Linz, Tilo},
	year = {2019},
	title = {Basiswissen Softwaretest: Aus- und Weiterbildung zum Certified Tester},
	address = {Heidelberg},
	edition = {6.~Aufl.},
	publisher = {dpunkt},
	isbn = {9783864905834},
}


@book{sta73,
 author = {Stachowiak, Herbert},
 year = {1973},
 title = {Allgemeine Modelltheorie},
 address = {Wien},
 publisher = {Springer}
}


@misc{swe14,
 date = {2014},
 title = {SWEBOK V3.0: Guide to the Software Engineering Body of Knowledge},
 url = {https://www.computer.org/web/swebok},
 editor = {Bourque, Pierre and Fairley, Richard E.},
 institution = {{IEEE Computer Society}}
}


@book{tan14,
 author = {Tanenbaum, Andrew S. and Austin, Todd},
 year = {2014},
 title = {Rechnerarchitektur: Von der digitalen Logik zum Parallelrechner},
 address = {Hallbergmoos},
 edition = {6.~Aufl.},
 publisher = {Pearson},
 isbn = {9783863266875},
}


@book{tre18,
 author = {Tremp, Hansruedi},
 year = {2018},
 title = {Lehrbuch Requirements Engineering Teil 1: Agiler und klassischer Werkzeugbaukasten zur Planung, Ermittlung und Dokumentation von Anforderungen},
 address = {Norderstedt},
 publisher = {{Books on Demand}}
}


@article{wan00,
 author = {Wang, Yingxu and Patel, Dilip},
 year = {2000},
 title = {Editors' introduction: Comparative software engineering: Review and perspectives},
 pages = {1--10},
 volume = {10},
 number = {1},
 issn = {10227091},
 journal = {Annals of Software Engineering},
 doi = {10.1023/A:1018931531464}
}


@book{wei14,
	author = {Weilkiens, Tim},
	year = {2014},
	title = {Systems Engineering mit SysML/UML: Anforderungen, Analyse, Architektur},
	edition = {3.~Aufl.},
	address = {Heidelberg},
	publisher = {dpunkt}
}


@book{wes24,
	author    = {Mathias Weske},
	title     = {Business Process Management - Concepts, Languages, Architectures},
	edition = {4.~Aufl.},
	year      = {2024},
	publisher = {Springer},
	address   = {Berlin, Heidelberg},
	isbn      = {978-3-662-69518-0},
	doi       = {10.1007/978-3-662-69518-0}
}


@article{wir08,
 author = {Wirth, Niklaus},
 year = {2008},
 title = {A Brief History of Software Engineering},
 pages = {32--39},
 volume = {30},
 number = {3},
 journal = {IEEE Annals of the History of Computing},
 doi = {10.1109/MAHC.2008.33}
}


@book{zel09,
	author = {Zeller, Andreas},
	year = {2009},
	title = {Why Programs Fail: A Guide to Systematic Debugging},
	address = {San Francisco},
	edition = {2.~Aufl.},
	publisher = {{Morgan Kaufmann und Heidelberg: dpunkt}},
}

